@article{liu2021indoor,
  title={Indoor navigation supported by the Industry Foundation Classes (IFC): A survey},
  author={Liu, Liu and Li, Bofeng and Zlatanova, Sisi and van Oosterom, Peter},
  journal={Automation in Construction},
  volume={121},
  pages={103436},
  year={2021},
  publisher={Elsevier}
}

@article{cvetkovic1990largest,
  title={The largest eigenvalue of a graph: A survey},
  author={Cvetkovi{\'c}, Dragi{\v{s}}a and Rowlinson, Peter},
  journal={Linear and multilinear algebra},
  volume={28},
  number={1-2},
  pages={3--33},
  year={1990},
  publisher={Taylor \& Francis}
}


@article{chawla2002smote,
  title={SMOTE: synthetic minority over-sampling technique},
  author={Chawla, Nitesh V and Bowyer, Kevin W and Hall, Lawrence O and Kegelmeyer, W Philip},
  journal={Journal of artificial intelligence research},
  volume={16},
  pages={321--357},
  year={2002}
}



@inproceedings{bazjanac1999industry,
  title={Industry foundation classes and interoperable commercial software in support of design of energy-efficient buildings},
  author={Bazjanac, Vladimir and Crawley, Drury B},
  booktitle={Proceedings of Building Simulation’99},
  volume={2},
  pages={661--667},
  year={1999}
}

@article{roth2014open,
  title={Open green building XML schema: A building information modeling solution for our green world},
  author={Roth, S},
  journal={URL http://gbxml. org/--{\"U}berpr{\"u}fungsdatum},
  pages={08--25},
  year={2014}
}

@inproceedings{mitra2016economical,
  title={Economical analysis of flexibility in micro grids},
  author={Mitra, Angan and Touati, Corinne and Ploix, Stephane and Maulik, Ujjwal and Hadjsaid, Nouredine},
  booktitle={2016 5th International Conference on Smart Cities and Green ICT Systems (SMARTGREENS)},
  pages={1--6},
  year={2016},
  organization={IEEE}
}

@article{capozzoli2018automated,
  title={Automated load pattern learning and anomaly detection for enhancing energy management in smart buildings},
  author={Capozzoli, Alfonso and Piscitelli, Marco Savino and Brandi, Silvio and Grassi, Daniele and Chicco, Gianfranco},
  journal={Energy},
  volume={157},
  pages={336--352},
  year={2018},
  publisher={Elsevier}
}

@article{dong2019review,
  title={A review of smart building sensing system for better indoor environment control},
  author={Dong, Bing and Prakash, Vishnu and Feng, Fan and O'Neill, Zheng},
  journal={Energy and Buildings},
  volume={199},
  pages={29--46},
  year={2019},
  publisher={Elsevier}
}


@inproceedings{mitra2021impact,
  title={Impact of Federated Learning On Smart Buildings},
  author={Mitra, Angan and Ngoko, Yanik and Trystram, Denis},
  booktitle={2021 International Conference on Artificial Intelligence and Smart Systems (ICAIS)},
  pages={93--99},
  year={2021},
  organization={IEEE}
}

@inproceedings{stavropoulos2012bonsai,
  title={BOnSAI: a smart building ontology for ambient intelligence},
  author={Stavropoulos, Thanos G and Vrakas, Dimitris and Vlachava, Danai and Bassiliades, Nick},
  booktitle={Proceedings of the 2nd international conference on web intelligence, mining and semantics},
  pages={1--12},
  year={2012}
}



@inproceedings{lefranccois2017planned,
  title={Planned ETSI SAREF Extensions based on the W3C $\&$ OGC SOSA/SSN-compatible SEAS Ontology Patterns},
  author={Lefran{\c{c}}ois, Maxime},
  year={2017}
}
@article{lee1980two,
  title={Two algorithms for constructing a Delaunay triangulation},
  author={Lee, Der-Tsai and Schachter, Bruce J},
  journal={International Journal of Computer \& Information Sciences},
  volume={9},
  number={3},
  pages={219--242},
  year={1980},
  publisher={Springer}
}


@article{balaji2018brick,
  title={Brick: Metadata schema for portable smart building applications},
  author={Balaji, Bharathan and Bhattacharya, Arka and Fierro, Gabriel and Gao, Jingkun and Gluck, Joshua and Hong, Dezhi and Johansen, Aslak and Koh, Jason and Ploennigs, Joern and Agarwal, Yuvraj and others},
  journal={Applied energy},
  volume={226},
  pages={1273--1292},
  year={2018},
  publisher={Elsevier}
}

@article{ostadijafari2020linearized,
  title={Linearized Price-Responsive HVAC Controller for Optimal Scheduling of Smart Building Loads},
  author={Ostadijafari, Mohammad and Dubey, Anamika and Yu, Nanpeng},
  journal={IEEE Transactions on Smart Grid},
  year={2020},
  publisher={IEEE}
}

@article{yang2019federated,
  title={Federated machine learning: Concept and applications},
  author={Yang, Qiang and Liu, Yang and Chen, Tianjian and Tong, Yongxin},
  journal={ACM Transactions on Intelligent Systems and Technology (TIST)},
  volume={10},
  number={2},
  pages={1--19},
  year={2019},
  publisher={ACM New York, NY, USA}
}

@article{dudin2019study,
  title={Study of innovative technologies in the energy industry: nontraditional and renewable energy sources},
  author={Dudin, Mikhail Nikolaevich and Frolova, Evgenia Evgenevna and Protopopova, Olga Vadimirovna and Mamedov, Andrey Alievich and Odintsov, Stanislav Valerievich},
  journal={Entrepreneurship and Sustainability Issues},
  volume={6},
  number={4},
  pages={1704--1713},
  year={2019},
  publisher={VsI Entrepreneurship and Sustainability Center}
}

@article{forecast2019cisco,
  title={Cisco visual networking index: global mobile data traffic forecast update, 2017--2022},
  author={Forecast, Global Mobile Data Traffic},
  journal={Update},
  volume={2017},
  pages={2022},
  year={2019}
}

@article{deng2020edge,
  title={Edge intelligence: the confluence of edge computing and artificial intelligence},
  author={Deng, Shuiguang and Zhao, Hailiang and Fang, Weijia and Yin, Jianwei and Dustdar, Schahram and Zomaya, Albert Y},
  journal={IEEE Internet of Things Journal},
  year={2020},
  publisher={IEEE}
}

@inproceedings{allen1983planning,
  title={Planning using a temporal world model},
  author={Allen, James F and Koomen, Johannes A},
  booktitle={Proceedings of the Eighth international joint conference on Artificial intelligence-Volume 2},
  pages={741--747},
  year={1983}
}

@inproceedings{cumin2017dataset,
  title={A dataset of routine daily activities in an instrumented home},
  author={Cumin, Julien and Lefebvre, Gr{\'e}goire and Ramparany, Fano and Crowley, James L},
  booktitle={International Conference on Ubiquitous Computing and Ambient Intelligence},
  pages={413--425},
  year={2017},
  organization={Springer}
}

@article{chen2016lifelong,
  title={Lifelong machine learning},
  author={Chen, Zhiyuan and Liu, Bing},
  journal={Synthesis Lectures on Artificial Intelligence and Machine Learning},
  volume={10},
  number={3},
  pages={1--145},
  year={2016},
  publisher={Morgan \& Claypool Publishers}
}
@incollection{de1997computational,
  title={Computational geometry},
  author={De Berg, Mark and Van Kreveld, Marc and Overmars, Mark and Schwarzkopf, Otfried},
  booktitle={Computational geometry},
  pages={1--17},
  year={1997},
  publisher={Springer}
}


@inproceedings{shamos1976geometric,
  title={Geometric intersection problems},
  author={Shamos, Michael Ian and Hoey, Dan},
  booktitle={17th Annual Symposium on Foundations of Computer Science (sfcs 1976)},
  pages={208--215},
  year={1976},
  organization={IEEE}
}


@inproceedings{bentley1990k,
  title={K-d trees for semidynamic point sets},
  author={Bentley, Jon Louis},
  booktitle={Proceedings of the sixth annual symposium on Computational geometry},
  pages={187--197},
  year={1990},
  organization={ACM}
}

@inproceedings{ai2014occupancy,
  title={Occupancy estimation for smart buildings by an auto-regressive hidden Markov model},
  author={Ai, Bing and Fan, Zhaoyan and Gao, Robert X},
  booktitle={2014 American Control Conference},
  pages={2234--2239},
  year={2014},
  organization={IEEE}
}

@inproceedings{li2003multi,
  title={Multi-dimensional range queries in sensor networks},
  author={Li, Xin and Kim, Young Jin and Govindan, Ramesh and Hong, Wei},
  booktitle={Proceedings of the 1st international conference on Embedded networked sensor systems},
  pages={63--75},
  year={2003},
  organization={ACM}
}

@inproceedings{dong2009sensor,
  title={Sensor-based occupancy behavioral pattern recognition for energy and comfort management in intelligent buildings},
  author={Dong, Bing and Andrews, Burton},
  booktitle={Proceedings of building simulation},
  pages={1444--1451},
  year={2009}
}

@article{bengio2009learning,
  title={Learning deep architectures for AI},
  author={Bengio, Yoshua and others},
  journal={Foundations and trends{\textregistered} in Machine Learning},
  volume={2},
  number={1},
  pages={1--127},
  year={2009},
  publisher={Now Publishers, Inc.}
}

@inproceedings{dai2007transferring,
  title={Transferring naive bayes classifiers for text classification},
  author={Dai, Wenyuan and Xue, Gui-Rong and Yang, Qiang and Yu, Yong},
  booktitle={AAAI},
  volume={7},
  pages={540--545},
  year={2007}
}

@inproceedings{weinberger2006distance,
  title={Distance metric learning for large margin nearest neighbor classification},
  author={Weinberger, Kilian Q and Blitzer, John and Saul, Lawrence K},
  booktitle={Advances in neural information processing systems},
  pages={1473--1480},
  year={2006}
}

@article{kaelbling1996reinforcement,
  title={Reinforcement learning: A survey},
  author={Kaelbling, Leslie Pack and Littman, Michael L and Moore, Andrew W},
  journal={Journal of artificial intelligence research},
  volume={4},
  pages={237--285},
  year={1996}
}

@article{vilalta2002perspective,
  title={A perspective view and survey of meta-learning},
  author={Vilalta, Ricardo and Drissi, Youssef},
  journal={Artificial intelligence review},
  volume={18},
  number={2},
  pages={77--95},
  year={2002},
  publisher={Springer}
}

@article{kumar2012learning,
  title={Learning task grouping and overlap in multi-task learning},
  author={Kumar, Abhishek and Daume III, Hal},
  journal={arXiv preprint arXiv:1206.6417},
  year={2012}
}

@article{li2009multi,
  title={Multi-task reinforcement learning in partially observable stochastic environments},
  author={Li, Hui and Liao, Xuejun and Carin, Lawrence},
  journal={Journal of Machine Learning Research},
  volume={10},
  number={May},
  pages={1131--1186},
  year={2009}
}

@article{caruana1997multitask,
  title={Multitask learning},
  author={Caruana, Rich},
  journal={Machine learning},
  volume={28},
  number={1},
  pages={41--75},
  year={1997},
  publisher={Springer}
}

@book{thrun2012explanation,
  title={Explanation-based neural network learning: A lifelong learning approach},
  author={Thrun, Sebastian},
  volume={357},
  year={2012},
  publisher={Springer Science \& Business Media}
}

@article{parisi2019continual,
  title={Continual lifelong learning with neural networks: A review},
  author={Parisi, German I and Kemker, Ronald and Part, Jose L and Kanan, Christopher and Wermter, Stefan},
  journal={Neural Networks},
  year={2019},
  publisher={Elsevier}
}

@inproceedings{aljundi2017expert,
  title={Expert gate: Lifelong learning with a network of experts},
  author={Aljundi, Rahaf and Chakravarty, Punarjay and Tuytelaars, Tinne},
  booktitle={Proceedings of the IEEE Conference on Computer Vision and Pattern Recognition},
  pages={3366--3375},
  year={2017}
}

@article{bourlard1988auto,
  title={Auto-association by multilayer perceptrons and singular value decomposition},
  author={Bourlard, Herv{\'e} and Kamp, Yves},
  journal={Biological cybernetics},
  volume={59},
  number={4-5},
  pages={291--294},
  year={1988},
  publisher={Springer}
}

@inproceedings{shin2017continual,
  title={Continual learning with deep generative replay},
  author={Shin, Hanul and Lee, Jung Kwon and Kim, Jaehong and Kim, Jiwon},
  booktitle={Advances in Neural Information Processing Systems},
  pages={2990--2999},
  year={2017}
}

@inproceedings{chen2015lifelong,
  title={Lifelong learning for sentiment classification},
  author={Chen, Zhiyuan and Ma, Nianzu and Liu, Bing},
  booktitle={Proceedings of the 53rd Annual Meeting of the Association for Computational Linguistics and the 7th International Joint Conference on Natural Language Processing (Volume 2: Short Papers)},
  volume={2},
  pages={750--756},
  year={2015}
}

@inproceedings{ruvolo2013ella,
  title={ELLA: An efficient lifelong learning algorithm},
  author={Ruvolo, Paul and Eaton, Eric},
  booktitle={International Conference on Machine Learning},
  pages={507--515},
  year={2013}
}

@article{kirkpatrick2017overcoming,
  title={Overcoming catastrophic forgetting in neural networks},
  author={Kirkpatrick, James and Pascanu, Razvan and Rabinowitz, Neil and Veness, Joel and Desjardins, Guillaume and Rusu, Andrei A and Milan, Kieran and Quan, John and Ramalho, Tiago and Grabska-Barwinska, Agnieszka and others},
  journal={Proceedings of the national academy of sciences},
  volume={114},
  number={13},
  pages={3521--3526},
  year={2017},
  publisher={National Acad Sciences}
}



@article{duvocelle2018learning,
  title={Learning in time-varying games},
  author={Duvocelle, Benoit and Mertikopoulos, Panayotis and Staudigl, Mathias and Vermeulen, Dries},
  journal={arXiv preprint arXiv:1809.03066},
  year={2018}
}

@article{valiant2009evolvability,
  title={Evolvability},
  author={Valiant, Leslie G},
  journal={Journal of the ACM (JACM)},
  volume={56},
  number={1},
  pages={3},
  year={2009},
  publisher={ACM}
}

@article{belmega2018online,
  title={Online convex optimization and no-regret learning: Algorithms, guarantees and applications},
  author={Belmega, E Veronica and Mertikopoulos, Panayotis and Negrel, Romain and Sanguinetti, Luca},
  journal={arXiv preprint arXiv:1804.04529},
  year={2018}
}

@inproceedings{silver2013lifelong,
  title={Lifelong machine learning systems: Beyond learning algorithms},
  author={Silver, Daniel L and Yang, Qiang and Li, Lianghao},
  booktitle={2013 AAAI spring symposium series},
  year={2013}
}

@article{servedio2004learning,
  title={On learning monotone DNF under product distributions},
  author={Servedio, Rocco A},
  journal={Information and Computation},
  volume={193},
  number={1},
  pages={57--74},
  year={2004},
  publisher={Elsevier}
}

@article{valiant2005memorization,
  title={Memorization and association on a realistic neural model},
  author={Valiant, Leslie G},
  journal={Neural computation},
  volume={17},
  number={3},
  pages={527--555},
  year={2005},
  publisher={MIT Press}
}

@inproceedings{valiant2017capacity,
  title={Capacity of Neural Networks for Lifelong Learning of Composable Tasks},
  author={Valiant, Leslie G},
  booktitle={2017 IEEE 58th Annual Symposium on Foundations of Computer Science (FOCS)},
  pages={367--378},
  year={2017},
  organization={IEEE}
}

@inproceedings{pentina2015lifelong,
  title={Lifelong learning with non-iid tasks},
  author={Pentina, Anastasia and Lampert, Christoph H},
  booktitle={Advances in Neural Information Processing Systems},
  pages={1540--1548},
  year={2015}
}

@article{valiant2014must,
  title={What must a global theory of cortex explain?},
  author={Valiant, Leslie G},
  journal={Current opinion in neurobiology},
  volume={25},
  pages={15--19},
  year={2014},
  publisher={Elsevier}
}

@article{kearns1998efficient,
  title={Efficient noise-tolerant learning from statistical queries},
  author={Kearns, Michael},
  journal={Journal of the ACM (JACM)},
  volume={45},
  number={6},
  pages={983--1006},
  year={1998},
  publisher={ACM}
}

@inproceedings{feldman2009robustness,
  title={Robustness of Evolvability.},
  author={Feldman, Vitaly},
  booktitle={COLT},
  year={2009}
}

@article{kirschner1998evolvability,
  title={Evolvability},
  author={Kirschner, Marc and Gerhart, John},
  journal={Proceedings of the National Academy of Sciences},
  volume={95},
  number={15},
  pages={8420--8427},
  year={1998},
  publisher={National Acad Sciences}
}

@inproceedings{feldman2012learning,
  title={Learning dnf expressions from fourier spectrum},
  author={Feldman, Vitaly},
  booktitle={Conference on Learning Theory},
  pages={17--1},
  year={2012}
}

@inproceedings{muggleton1996learning,
  title={Learning from positive data},
  author={Muggleton, Stephen},
  booktitle={International Conference on Inductive Logic Programming},
  pages={358--376},
  year={1996},
  organization={Springer}
}

@article{bshouty1995exact,
  title={Exact learning boolean functions via the monotone theory},
  author={Bshouty, Nader H},
  journal={Information and Computation},
  volume={123},
  number={1},
  pages={146--153},
  year={1995},
  publisher={Elsevier}
}



@incollection{schapire2003boosting,
  title={The boosting approach to machine learning: An overview},
  author={Schapire, Robert E},
  booktitle={Nonlinear estimation and classification},
  pages={149--171},
  year={2003},
  publisher={Springer}
}

@inproceedings{valiant1984theory,
  title={A theory of the learnable},
  author={Valiant, Leslie G},
  booktitle={Proceedings of the sixteenth annual ACM symposium on Theory of computing},
  pages={436--445},
  year={1984},
  organization={ACM}
}

@techreport{newell1961gps,
  title={GPS, a program that simulates human thought},
  author={Newell, Allen and Simon, Herbert Alexander},
  year={1961},
  institution={RAND CORP SANTA MONICA CALIF}
}

@article{candanedo2016accurate,
  title={Accurate occupancy detection of an office room from light, temperature, humidity and CO2 measurements using statistical learning models},
  author={Candanedo, Luis M and Feldheim, V{\'e}ronique},
  journal={Energy and Buildings},
  volume={112},
  pages={28--39},
  year={2016},
  publisher={Elsevier}
}

@phdthesis{bhattacharya2016enabling,
  title={Enabling Scalable Smart-Building Analytics},
  author={Bhattacharya, Arka},
  year={2016},
  school={UC Berkeley}
}

@article{ganesan2003dimensions,
  title={DIMENSIONS: Why do we need a new data handling architecture for sensor networks?},
  author={Ganesan, Deepak and Estrin, Deborah and Heidemann, John},
  journal={ACM SIGCOMM Computer Communication Review},
  volume={33},
  number={1},
  pages={143--148},
  year={2003},
  publisher={ACM}
}


@article{moreno2016big,
  title={Big data: the key to energy efficiency in smart buildings},
  author={Moreno, M Victoria and Dufour, Luc and Skarmeta, Antonio F and Jara, Antonio J and Genoud, Dominique and Ladevie, Bruno and Bezian, Jean-Jacques},
  journal={Soft Computing},
  volume={20},
  number={5},
  pages={1749--1762},
  year={2016},
  publisher={Springer}
}


@article{batov2015distinctive,
  title={The distinctive features of “smart” buildings},
  author={Batov, Eugeny I},
  journal={Procedia Engineering},
  volume={111},
  pages={103--107},
  year={2015},
  publisher={Elsevier}
}

@inproceedings{cumin2017human,
  title={Human activity recognition using place-based decision fusion in smart homes},
  author={Cumin, Julien and Lefebvre, Gregoire and Ramparany, Fano and Crowley, James L},
  booktitle={International and Interdisciplinary Conference on Modeling and Using Context},
  pages={137--150},
  year={2017},
  organization={Springer}
}

@inproceedings{cook2003mavhome,
  title={MavHome: An agent-based smart home},
  author={Cook, Diane J and Youngblood, Michael and Heierman, Edwin O and Gopalratnam, Karthik and Rao, Sira and Litvin, Andrey and Khawaja, Farhan},
  booktitle={Proceedings of the First IEEE International Conference on Pervasive Computing and Communications, 2003.(PerCom 2003).},
  pages={521--524},
  year={2003},
  organization={IEEE}
}

@inproceedings{ngoko2016automatic,
  title={An automatic tuning system for solving np-hard problems in clouds},
  author={Ngoko, Yanik and Trystram, Denis and Reis, Valentin and C{\'e}rin, Christophe},
  booktitle={2016 IEEE International Parallel and Distributed Processing Symposium Workshops (IPDPSW)},
  pages={1443--1452},
  year={2016},
  organization={IEEE}
}

@article{volkov2015simulation,
  title={Simulation of building operations for calculating building intelligence quotient},
  author={Volkov, Andrey A and Batov, Eugeny I},
  journal={Procedia Engineering},
  volume={111},
  pages={845--848},
  year={2015},
  publisher={Elsevier}
}

@article{al2001computer,
  title={Computer-aided building energy analysis techniques},
  author={Al-Homoud, Mohammad Saad},
  journal={Building and Environment},
  volume={36},
  number={4},
  pages={421--433},
  year={2001},
  publisher={Elsevier}
}


@article{crawley2001energyplus,
  title={EnergyPlus: creating a new-generation building energy simulation program},
  author={Crawley, Drury B and Lawrie, Linda K and Winkelmann, Frederick C and Buhl, Walter F and Huang, Y Joe and Pedersen, Curtis O and Strand, Richard K and Liesen, Richard J and Fisher, Daniel E and Witte, Michael J and others},
  journal={Energy and buildings},
  volume={33},
  number={4},
  pages={319--331},
  year={2001},
  publisher={Elsevier}
}


@article{crawley2008contrasting,
  title={Contrasting the capabilities of building energy performance simulation programs},
  author={Crawley, Drury B and Hand, Jon W and Kummert, Micha{\"e}l and Griffith, Brent T},
  journal={Building and environment},
  volume={43},
  number={4},
  pages={661--673},
  year={2008},
  publisher={Elsevier}
}

@article{clarke2002simulation,
  title={Simulation-assisted control in building energy management systems},
  author={Clarke, JA and Cockroft, J and Conner, S and Hand, JW and Kelly, NJ and Moore, R and O’Brien, T and Strachan, P},
  journal={Energy and buildings},
  volume={34},
  number={9},
  pages={933--940},
  year={2002},
  publisher={Elsevier}
}

@article{chen2006multicriteria,
  title={A multicriteria lifespan energy efficiency approach to intelligent building assessment},
  author={Chen, Zhen and Clements-Croome, Derek and Hong, Ju and Li, Heng and Xu, Qian},
  journal={Energy and Buildings},
  volume={38},
  number={5},
  pages={393--409},
  year={2006},
  publisher={Elsevier}
}

@article{garg2000smart,
  title={Smart occupancy sensors to reduce energy consumption},
  author={Garg, Vishal and Bansal, Narendra K},
  journal={Energy and Buildings},
  volume={32},
  number={1},
  pages={81--87},
  year={2000},
  publisher={Elsevier}
}
@article{wong2005intelligent,
  title={Intelligent building research: a review},
  author={Wong, Johnny KW and Li, Heng and Wang, SW},
  journal={Automation in construction},
  volume={14},
  number={1},
  pages={143--159},
  year={2005},
  publisher={Elsevier}
}

@inproceedings{bottou2008tradeoffs,
  title={The tradeoffs of large scale learning},
  author={Bottou, L{\'e}on and Bousquet, Olivier},
  booktitle={Advances in neural information processing systems},
  pages={161--168},
  year={2008}
}








@inproceedings{chen2015lifelong,
  title={Lifelong learning for sentiment classification},
  author={Chen, Zhiyuan and Ma, Nianzu and Liu, Bing},
  booktitle={Proceedings of the 53rd Annual Meeting of the Association for Computational Linguistics and the 7th International Joint Conference on Natural Language Processing (Volume 2: Short Papers)},
  volume={2},
  pages={750--756},
  year={2015}
}





@incollection{schapire2003boosting,
  title={The boosting approach to machine learning: An overview},
  author={Schapire, Robert E},
  booktitle={Nonlinear estimation and classification},
  pages={149--171},
  year={2003},
  publisher={Springer}
}









@article{al2001computer,
  title={Computer-aided building energy analysis techniques},
  author={Al-Homoud, Mohammad Saad},
  journal={Building and Environment},
  volume={36},
  number={4},
  pages={421--433},
  year={2001},
  publisher={Elsevier}
}


